@misc{Glep44,
    author = {Marius Mauch},
    title = {{GLEP} 44: Manifest2 format},
    year = 2005,
    month = Dec,
    howpublished = "\url{http://glep.gentoo.org/glep-0044.html}"
}
